@article{hooten2015guide,
  title={A guide to Bayesian model selection for ecologists},
  author={Hooten, Mevin B and Hobbs, NT},
  journal={Ecological Monographs},
  volume={85},
  number={1},
  pages={3--28},
  year={2015},
  publisher={Wiley Online Library}
}

@article{george1993variable,
  title={Variable selection via Gibbs sampling},
  author={George, Edward I and McCulloch, Robert E},
  journal={Journal of the American Statistical Association},
  volume={88},
  number={423},
  pages={881--889},
  year={1993},
  publisher={Taylor \& Francis}
}

@article{wang2016locally,
  title={Locally downscaled and spatially customizable climate data for historical and future periods for North America},
  author={Wang, Tongli and Hamann, Andreas and Spittlehouse, Dave and Carroll, Carlos},
  journal={PLoS One},
  volume={11},
  number={6},
  pages={e0156720},
  year={2016},
  publisher={Public Library of Science}
}