@article{buckley2012demographic,
  title={The demographic impacts of shifts in climate means and extremes on alpine butterflies},
  author={Buckley, Lauren B and Kingsolver, Joel G},
  journal={Functional Ecology},
  volume={26},
  number={4},
  pages={969--977},
  year={2012},
  publisher={Wiley Online Library}
}

@article{archer_climate_2008,
	title = {Climate {Change} and {Ecosystems} of the {Southwestern} {United} {States}},
	volume = {30},
	issn = {01900528},
	language = {en},
	number = {3},
	urldate = {2017-02-13},
	journal = {Rangelands},
	author = {Archer, Steven R. and Predick, Katharine I.},
	month = jun,
	year = {2008},
	pages = {23--28}
}

@article{bates_fitting_2015,
	title = {Fitting {Linear} {Mixed}-{Effects} {Models} {Using} lme4},
	volume = {67},
	issn = {1548-7660},
	language = {en},
	number = {1},
	urldate = {2017-04-21},
	journal = {Journal of Statistical Software},
	author = {Bates, Douglas and Mächler, Martin and Bolker, Ben and Walker, Steve},
	year = {2015}
}

@book{benson_cacti_1982,
	address = {Stanford, Calif},
	title = {The cacti of the {United} {States} and {Canada}},
	isbn = {978-0-8047-0863-0},
	publisher = {Stanford University Press},
	author = {Benson, Lyman David},
	year = {1982},
	keywords = {Botany, Cactus, Canada, United States}
}

@article{cody_slow-motion_2000,
	title = {Slow-motion population dynamics in {Mojave} {Desert} perennial plants},
	volume = {11},
	issn = {11009233},
	language = {en},
	number = {3},
	urldate = {2017-04-30},
	journal = {Journal of Vegetation Science},
	author = {Cody, Martin L.},
	month = jun,
	year = {2000},
	pages = {351--358}
}

@article{cook_long-term_2004,
	title = {Long-{Term} {Aridity} {Changes} in the {Western} {United} {States}},
	volume = {306},
	issn = {0036-8075, 1095-9203},
	language = {en},
	number = {5698},
	urldate = {2017-01-22},
	journal = {Science},
	author = {Cook, E. R.},
	month = nov,
	year = {2004},
	pages = {1015--1018}
}

@article{crone_how_2011,
	title = {How do plant ecologists use matrix population models?},
	volume = {14},
	issn = {1461023X},
	shorttitle = {How do plant ecologists use matrix population models?},
	language = {en},
	number = {1},
	urldate = {2017-04-30},
	journal = {Ecology Letters},
	author = {Crone, Elizabeth E. and Menges, Eric S. and Ellis, Martha M. and Bell, Timothy and Bierzychudek, Paulette and Ehrlén, Johan and Kaye, Thomas N. and Knight, Tiffany M. and Lesica, Peter and Morris, William F. and Oostermeijer, Gerard and Quintana-Ascencio, Pedro F. and Stanley, Amanda and Ticktin, Tamara and Valverde, Teresa and Williams, Jennifer L.},
	month = jan,
	year = {2011},
	pages = {1--8}
}

@article{dalgleish_climate_2011,
	title = {Climate influences the demography of three dominant sagebrush steppe plants},
	volume = {92},
	issn = {0012-9658},
	language = {en},
	number = {1},
	urldate = {2016-08-21},
	journal = {Ecology},
	author = {Dalgleish, Harmony J. and Koons, David N. and Hooten, Mevin B. and Moffet, Corey A. and Adler, Peter B.},
	month = jan,
	year = {2011},
	pages = {75--85}
}

@article{ellner_integral_2006,
	title = {Integral {Projection} {Models} for {Species} with {Complex} {Demography}},
	volume = {167},
	issn = {0003-0147, 1537-5323},
	language = {en},
	number = {3},
	urldate = {2016-09-02},
	journal = {The American Naturalist},
	author = {Ellner, Stephen P. and Rees, Mark},
	month = mar,
	year = {2006},
	pages = {410--428}
}

@article{harrington_climate_1999,
	title = {Climate change and trophic interactions},
	volume = {14},
	issn = {01695347},
	language = {en},
	number = {4},
	urldate = {2017-04-27},
	journal = {Trends in Ecology \& Evolution},
	author = {Harrington, Richard and Woiwod, Ian and Sparks, Tim},
	month = apr,
	year = {1999},
	pages = {146--150}
}

@article{hughes_biological_2000,
	title = {Biological consequences of global warming: is the signal already apparent?},
	volume = {15},
	issn = {01695347},
	shorttitle = {Biological consequences of global warming},
	language = {en},
	number = {2},
	urldate = {2017-04-27},
	journal = {Trends in Ecology \& Evolution},
	author = {Hughes, Lesley},
	month = feb,
	year = {2000},
	pages = {56--61}
}

@techreport{ipcc_climate_2007,
	address = {Geneva, Switzerland},
	title = {Climate {Change} 2007: {Synthesis} {Report}. {Contribution} of {Working} {Groups} {I}, {II} and {III} to the {Fourth} {Assessment} {Report} of the {Intergovernmental} {Panel} on {Climate} {Change}},
	institution = {IPCC},
	author = {{IPCC}},
	editor = {{Core Writing Team} and Reisinger, A. and Pachauri, R. K.},
	year = {2007},
	pages = {104}
}

@article{jenouvrier_effects_2012,
	title = {Effects of climate change on an emperor penguin population: analysis of coupled demographic and climate models},
	volume = {18},
	issn = {13541013},
	shorttitle = {Effects of climate change on an emperor penguin population},
	language = {en},
	number = {9},
	urldate = {2017-04-27},
	journal = {Global Change Biology},
	author = {Jenouvrier, Stéphanie and Holland, Marika and Stroeve, Julienne and Barbraud, Christophe and Weimerskirch, Henri and Serreze, Mark and Caswell, Hal},
	month = sep,
	year = {2012},
	pages = {2756--2770}
}

@article{maschinski_using_2006,
	title = {Using population viability analysis to predict the effects of climate change on the extinction risk of an endangered limestone endemic shrub, {Arizona} cliffrose},
	volume = {20},
	issn = {0888-8892},
	language = {eng},
	number = {1},
	journal = {Conservation Biology: The Journal of the Society for Conservation Biology},
	author = {Maschinski, Joyce and Baggs, Joanne E. and Quintana-Ascencio, Pedro F. and Menges, Eric S.},
	month = feb,
	year = {2006},
	pmid = {16909675},
	keywords = {Arizona, Biological, Climate, Conservation of Natural Resources, Geography, Germination, Greenhouse Effect, Models, Population Growth, Predictive Value of Tests, Risk Assessment, Rosaceae, Seeds, Species Specificity, Stochastic Processes},
	pages = {218--228}
}

@article{meehl_trends_2000,
	title = {Trends in {Extreme} {Weather} and {Climate} {Events}: {Issues} {Related} to {Modeling} {Extremes} in {Projections} of {Future} {Climate} {Change}},
	volume = {81},
	issn = {0003-0007, 1520-0477},
	shorttitle = {Trends in {Extreme} {Weather} and {Climate} {Events}},
	language = {en},
	number = {3},
	urldate = {2017-04-30},
	journal = {Bulletin of the American Meteorological Society},
	author = {Meehl, Gerald A. and Zwiers, Francis and Evans, Jenni and Knutson, Thomas and Mearns, Linda and Whetton, Peter},
	month = mar,
	year = {2000},
	pages = {427--436}
}

@article{miller_impacts_2009,
	title = {Impacts of insect herbivory on cactus population dynamics: experimental demography across an environmental gradient},
	volume = {79},
	issn = {0012-9615},
	shorttitle = {Impacts of insect herbivory on cactus population dynamics},
	language = {en},
	number = {1},
	urldate = {2017-01-23},
	journal = {Ecological Monographs},
	author = {Miller, Tom E. X. and Louda, Svata M. and Rose, Karen A. and Eckberg, James O.},
	month = feb,
	year = {2009},
	pages = {155--172}
}

@article{noy-meir_desert_1973,
	title = {Desert {Ecosystems}: {Environment} and {Producers}},
	volume = {4},
	journal = {Annual Review of Ecology and Systematics},
	author = {Noy-Meir, Imanuel},
	year = {1973},
	pages = {25--51}
}

@article{ohm_balancing_2014,
	title = {Balancing anti-herbivore benefits and anti-pollinator costs of defensive mutualists},
	volume = {95},
	issn = {0012-9658},
	language = {en},
	number = {10},
	urldate = {2016-10-18},
	journal = {Ecology},
	author = {Ohm, Johanna R. and Miller, Tom E. X.},
	month = oct,
	year = {2014},
	pages = {2924--2935}
}

@misc{r_core_team_r:_2016,
	title = {R: {A} language and environment for statistical computing},
	publisher = {R   Foundation for Statistical Computing},
	author = {{R Core Team}},
	year = {2016}
}

@article{reynolds_modifying_2004,
	title = {Modifying the ‘pulse–reserve’ paradigm for deserts of {North} {America}: precipitation pulses, soil water, and plant responses},
	volume = {141},
	issn = {0029-8549, 1432-1939},
	shorttitle = {Modifying the ‘pulse–reserve’ paradigm for deserts of {North} {America}},
	language = {en},
	number = {2},
	urldate = {2017-04-28},
	journal = {Oecologia},
	author = {Reynolds, James F. and Kemp, Paul R. and Ogle, Kiona and Fernández, Roberto J.},
	month = oct,
	year = {2004},
	pages = {194--210}
}

@article{robertson_precipitation_2009,
	title = {Precipitation timing and magnitude differentially affect aboveground annual net primary productivity in three perennial species in a {Chihuahuan} {Desert} grassland},
	volume = {181},
	issn = {0028646X, 14698137},
	language = {en},
	number = {1},
	urldate = {2017-04-28},
	journal = {New Phytologist},
	author = {Robertson, Traesha R. and Bell, Colin W. and Zak, John C. and Tissue, David T.},
	month = jan,
	year = {2009},
	pages = {230--242}
}

@article{seager_model_2007,
	title = {Model {Projections} of an {Imminent} {Transition} to a {More} {Arid} {Climate} in {Southwestern} {North} {America}},
	volume = {316},
	issn = {0036-8075, 1095-9203},
	language = {en},
	number = {5828},
	urldate = {2017-01-22},
	journal = {Science},
	author = {Seager, R. and Ting, M. and Held, I. and Kushnir, Y. and Lu, J. and Vecchi, G. and Huang, H.-P. and Harnik, N. and Leetmaa, A. and Lau, N.-C. and Li, C. and Velez, J. and Naik, N.},
	month = may,
	year = {2007},
	pages = {1181--1184}
}

@article{sletvold_climate_2013,
	title = {Climate warming alters effects of management on population viability of threatened species: results from a 30-year experimental study on a rare orchid},
	volume = {19},
	issn = {13541013},
	shorttitle = {Climate warming alters effects of management on population viability of threatened species},
	language = {en},
	number = {9},
	urldate = {2016-10-18},
	journal = {Global Change Biology},
	author = {Sletvold, Nina and Dahlgren, Johan P. and {\O}ien, Dag-Inge and Moen, Asbj{\o}rn and Ehrlén, Johan},
	month = sep,
	year = {2013},
	pages = {2729--2738}
}

@article{stock_use_2011,
	title = {On the use of {IPCC}-class models to assess the impact of climate on {Living} {Marine} {Resources}},
	volume = {88},
	issn = {00796611},
	language = {en},
	number = {1-4},
	urldate = {2017-04-27},
	journal = {Progress in Oceanography},
	author = {Stock, Charles A. and Alexander, Michael A. and Bond, Nicholas A. and Brander, Keith M. and Cheung, William W.L. and Curchitser, Enrique N. and Delworth, Thomas L. and Dunne, John P. and Griffies, Stephen M. and Haltuch, Melissa A. and Hare, Jonathan A. and Hollowed, Anne B. and Lehodey, Patrick and Levin, Simon A. and Link, Jason S. and Rose, Kenneth A. and Rykaczewski, Ryan R. and Sarmiento, Jorge L. and Stouffer, Ronald J. and Schwing, Franklin B. and Vecchi, Gabriel A. and Werner, Francisco E.},
	month = jan,
	year = {2011},
	pages = {1--27}
}

@article{thomey_effect_2011,
	title = {Effect of precipitation variability on net primary production and soil respiration in a {Chihuahuan} {Desert} grassland},
	volume = {17},
	issn = {13541013},
	shorttitle = {Effect of precipitation variability on net primary production and soil respiration in a {Chihuahuan} {Desert} grassland},
	language = {en},
	number = {4},
	urldate = {2017-04-28},
	journal = {Global Change Biology},
	author = {Thomey, Michell L. and Collins, Scott L. and Vargas, Rodrigo and Johnson, Jennifer E. and Brown, Renee F. and Natvig, Donald O. and Friggens, Michael T.},
	month = apr,
	year = {2011},
	pages = {1505--1515}
}

@article{walther_ecological_2002,
	title = {Ecological responses to recent climate change},
	volume = {416},
	issn = {0028-0836},
	number = {6879},
	urldate = {2017-01-22},
	journal = {Nature},
	author = {Walther, Gian-Reto and Post, Eric and Convey, Peter and Menzel, Annette and Parmesan, Camille and Beebee, Trevor J. C. and Fromentin, Jean-Marc and Hoegh-Guldberg, Ove and Bairlein, Franz},
	month = mar,
	year = {2002},
	pages = {389--395},
	
}

@article{williams_life_2015,
	title = {Life history evolution under climate change and its influence on the population dynamics of a long-lived plant},
	volume = {103},
	issn = {00220477},
	language = {en},
	number = {4},
	urldate = {2016-09-02},
	journal = {Journal of Ecology},
	author = {Williams, Jennifer L. and Jacquemyn, Hans and Ochocki, Brad M. and Brys, Rein and Miller, Tom E. X.},
	editor = {Shefferson, Richard},
	month = jul,
	year = {2015},
	pages = {798--808}
}